@article{Legg2006,
   author = {Shane Legg and Marcus Hutter},
   journal = {arXiv preprint cs/0605024},
   title = {A formal measure of machine intelligence},
   year = {2006},
}
@article{Bell1989,
   author = {Timothy Bell and Ian H Witten and John G Cleary},
   issue = {4},
   journal = {ACM Computing Surveys (CSUR)},
   pages = {557-591},
   publisher = {ACM New York, NY, USA},
   title = {Modeling for text compression},
   volume = {21},
   year = {1989},
}
@article{Borges1939,
   author = {Jorge Luis Borges},
   journal = {Other books by the same author},
   pages = {386},
   title = {Pierre Menard, author of the Quixote},
   year = {1939},
}
@article{Brisaboa2007,
   author = {Nieves R Brisaboa and Antonio Farina and Gonzalo Navarro and José R Paramá},
   journal = {Information retrieval},
   pages = {1-33},
   publisher = {Springer},
   title = {Lightweight natural language text compression},
   volume = {10},
   year = {2007},
}
@inproceedings{Horspool1992,
   author = {R Nigel Horspool and Gordon V Cormack},
   journal = {Data Compression Conference},
   pages = {62-71},
   title = {Constructing Word-Based Text Compression Algorithms.},
   year = {1992},
}
@inproceedings{Jiang2023,
   author = {Zhiying Jiang and Matthew Yang and Mikhail Tsirlin and Raphael Tang and Yiqin Dai and Jimmy Lin},
   journal = {Findings of the Association for Computational Linguistics: ACL 2023},
   pages = {6810-6828},
   title = {“Low-Resource” Text Classification: A Parameter-Free Classification Method with Compressors},
   year = {2023},
}
@article{Kipper2021,
   author = {Jens Kipper},
   issue = {Suppl 27},
   journal = {Synthese},
   pages = {6469-6489},
   publisher = {Springer},
   title = {Intuition, intelligence, data compression},
   volume = {198},
   year = {2021},
}
@article{Legg2007,
   author = {Shane Legg and Marcus Hutter and others},
   journal = {Frontiers in Artificial Intelligence and applications},
   pages = {17},
   publisher = {IOS press},
   title = {A collection of definitions of intelligence},
   volume = {157},
   year = {2007},
}
@article{Li2007,
   author = {Ming Li and Paul M B Vitanyi},
   issue = {5},
   journal = {Scholarpedia},
   pages = {2658},
   title = {Applications of algorithmic information theory},
   volume = {2},
   year = {2007},
}
@book{Li2008,
   author = {Ming Li and Paul Vitányi and others},
   publisher = {Springer},
   title = {An introduction to Kolmogorov complexity and its applications},
   volume = {3},
   year = {2008},
}
@inproceedings{Maguire2015,
   author = {Phil Maguire and Ois\'\in Mulhall and Rebecca Maguire and Jessica Taylor},
   journal = {Proceedings of the 11th International Conference on Cognitive Science},
   pages = {294-299},
   title = {Compressionism: a theory of mind based on data compression},
   year = {2015},
}
@misc{Mahoney2011,
   author = {Matt Mahoney},
   title = {Large text compression benchmark},
   year = {2011},
}
@inproceedings{Mahoney2000,
   author = {Matthew V Mahoney},
   journal = {FLAIRS conference},
   pages = {230-234},
   title = {Fast Text Compression with Neural Networks.},
   year = {2000},
}
@article{Moffat1989,
   author = {Alistair Moffat},
   issue = {2},
   journal = {Software: Practice and Experience},
   pages = {185-198},
   publisher = {Wiley Online Library},
   title = {Word-based text compression},
   volume = {19},
   year = {1989},
}
@article{Rathmanner2011,
   author = {Samuel Rathmanner and Marcus Hutter},
   issue = {6},
   journal = {Entropy},
   pages = {1076-1136},
   publisher = {MDPI},
   title = {A philosophical treatise of universal induction},
   volume = {13},
   year = {2011},
}
@article{Schmidhuber1996,
   author = {Jürgen Schmidhuber and Stefan Heil},
   issue = {1},
   journal = {IEEE Transactions on Neural Networks},
   pages = {142-146},
   publisher = {IEEE},
   title = {Sequential neural text compression},
   volume = {7},
   year = {1996},
}
@article{Shanmugasundaram2011,
   author = {Senthil Shanmugasundaram and Robert Lourdusamy},
   issue = {3},
   journal = {International Journal of Wisdom Based Computing},
   pages = {68-76},
   title = {A comparative study of text compression algorithms},
   volume = {1},
   year = {2011},
}
@article{Wolff1993,
   author = {J Gerard Wolff},
   issue = {2},
   journal = {AI communications},
   pages = {107-127},
   publisher = {IOS Press},
   title = {Computing, cognition and information compression},
   volume = {6},
   year = {1993},
}
@article{Willems1995,
   author = {Frans M J Willems and Yuri M Shtarkov and Tjalling J Tjalkens},
   issue = {3},
   journal = {IEEE transactions on information theory},
   pages = {653-664},
   publisher = {IEEE},
   title = {The context-tree weighting method: Basic properties},
   volume = {41},
   year = {1995},
}
@article{Henderson2018,
   author = {Leah Henderson},
   title = {The problem of induction},
   year = {2018},
}
@article{Hutter2000,
   author = {Marcus Hutter},
   journal = {arXiv preprint cs/0004001},
   title = {A theory of universal artificial intelligence based on algorithmic complexity},
   year = {2000},
}
@misc{Hutter2006,
   author = {Marcus Hutter},
   title = {500'000€ Prize for Compressing Human Knowledge by Marcus Hutter},
   url = {http://prize.hutter1.net/},
   year = {2006},
}
@misc{MahoneyAbout,
   author = {Matt Mahoney},
   title = {About the Test Data},
   url = {https://mattmahoney.net/dc/textdata.html},
}
@misc{MahoneyRationale,
   author = {Matt Mahoney},
   title = {Rationale for a Large Text Compression Benchmark},
   url = {https://mattmahoney.net/dc/rationale.html},
}
@article{Ziv1977,
   author = {Jacob Ziv and Abraham Lempel},
   issue = {3},
   journal = {IEEE Transactions on information theory},
   pages = {337-343},
   publisher = {IEEE},
   title = {A universal algorithm for sequential data compression},
   volume = {23},
   year = {1977},
}
@article{Ziv1978,
   author = {Jacob Ziv and Abraham Lempel},
   issue = {5},
   journal = {IEEE transactions on Information Theory},
   pages = {530-536},
   publisher = {IEEE},
   title = {Compression of individual sequences via variable-rate coding},
   volume = {24},
   year = {1978},
}
@article{Burrows1994,
   author = {Michael Burrows},
   journal = {SRS Research Report},
   title = {A block-sorting lossless data compression algorithm},
   volume = {124},
   year = {1994},
}
@article{Fenwick1998,
   author = {Peter Fenwick},
   issue = {5},
   journal = {Software: Practice and Experience},
   pages = {547-559},
   publisher = {Wiley Online Library},
   title = {Symbol ranking text compressors: review and implementation},
   volume = {28},
   year = {1998},
}
@article{Shannon1951,
   author = {Claude E Shannon},
   issue = {1},
   journal = {Bell system technical journal},
   pages = {50-64},
   publisher = {Wiley Online Library},
   title = {Prediction and entropy of printed English},
   volume = {30},
   year = {1951},
}
@article{Cormack1987,
   author = {Gordon V Cormack and R Nigel S Horspool},
   issue = {6},
   journal = {The Computer Journal},
   pages = {541-550},
   publisher = {The British Computer Society},
   title = {Data compression using dynamic Markov modelling},
   volume = {30},
   year = {1987},
}
@article{Mahoney2005,
   author = {Matt Mahoney},
   title = {Adaptive weighing of context models for lossless data compression},
   year = {2005},
}
@article{Montague1970,
   author = {Richard Montague and others},
   journal = {1974},
   pages = {222-246},
   title = {Universal grammar},
   year = {1970},
}
@article{Montague1970,
   author = {Richard Montague},
   title = {English as a formal language},
   year = {1970},
}
@inproceedings{Montague1973,
   author = {Richard Montague},
   journal = {Approaches to natural language: Proceedings of the 1970 Stanford workshop on grammar and semantics},
   pages = {221-242},
   title = {The proper treatment of quantification in ordinary English},
   year = {1973},
}
@article{Friedman1978,
   author = {Joyce Friedman and David S Warren},
   issue = {3},
   journal = {Linguistics and Philosophy},
   pages = {347-372},
   publisher = {Springer},
   title = {A parsing method for Montague grammars},
   volume = {2},
   year = {1978},
}
@article{shannon1948mathematical,
  title={A mathematical theory of communication},
  author={Shannon, Claude Elwood},
  journal={The Bell system technical journal},
  volume={27},
  number={3},
  pages={379--423},
  year={1948},
  publisher={Nokia Bell Labs}
}
@article{li2004similarity,
  title={The similarity metric},
  author={Li, Ming and Chen, Xin and Li, Xin and Ma, Bin and Vit{\'a}nyi, Paul MB},
  journal={IEEE transactions on Information Theory},
  volume={50},
  number={12},
  pages={3250--3264},
  year={2004},
  publisher={IEEE}
}